@misc{apath,
  author = {Patrick Lester},
  title = {A* Pathfinding for Beginners},
  year = 2005,
  howpublished = {\url{http://www.policyalmanac.org/games/aStarTutorial.htm}},
  note = "Last accessed on 2014-05-17"
}
